<collection xmlns="http://www.loc.gov/MARC21/slim">
<record>
  <leader>01698nam0a2200313 i 450 </leader>
  <controlfield tag="001">IT\ICCU\CNCE\033847</controlfield>
  <controlfield tag="005">20100315000000.0</controlfield>
  <datafield tag="012" ind1=" " ind2=" ">
    <subfield code="a">a:em ras. u.sa HiEt (3) 1535 (R)</subfield>
    <subfield code="2">fei</subfield>
  </datafield>
  <datafield tag="100" ind1=" " ind2=" ">
    <subfield code="a">19971222d1535        0itac0103    ba</subfield>
  </datafield>
  <datafield tag="101" ind1=" " ind2=" ">
    <subfield code="a">LAT</subfield>
  </datafield>
  <datafield tag="102" ind1=" " ind2=" ">
    <subfield code="a">IT</subfield>
  </datafield>
  <datafield tag="200" ind1="1" ind2=" ">
    <subfield code="a">℗F. Baptistae Mantuani Carmelitae ℗De honesto amore &amp; foelici eius exitu cum quadam alia aegloga contra amorem nouiter emendata cum suis interlocutoribus in suis locis positis per presbyterum Antonium de Sinfredo. Nuper in alma vrbe Taurini impressa: ...</subfield>
  </datafield>
  <datafield tag="210" ind1=" " ind2=" ">
    <subfield code="a">Taurini</subfield>
    <subfield code="c">veneunt apud Iacobinum Dulcis alias Cuny ante scholas</subfield>
    <subfield code="d">1535</subfield>
    <subfield code="e">Exaratum Taurini</subfield>
    <subfield code="g">in fabrica Martini Crauoti &amp; suorum consociorum</subfield>
    <subfield code="h">1535 die xii Februarii</subfield>
  </datafield>
  <datafield tag="215" ind1=" " ind2=" ">
    <subfield code="a">XXXIX, \1! c.</subfield>
    <subfield code="d">4ʻ</subfield>
  </datafield>
  <datafield tag="620" ind1=" " ind2=" ">
    <subfield code="a">IT</subfield>
    <subfield code="d">Torino</subfield>
  </datafield>
  <datafield tag="700" ind1=" " ind2="1">
    <subfield code="a">Spagnoli,</subfield>
    <subfield code="b">Giovanni Battista</subfield>
    <subfield code="3">IT\ICCU\CNCA\006633</subfield>
  </datafield>
  <datafield tag="702" ind1=" " ind2="1">
    <subfield code="a">Craveri,</subfield>
    <subfield code="b">Antonio</subfield>
    <subfield code="3">IT\ICCU\CNCA\013002</subfield>
  </datafield>
  <datafield tag="712" ind1="0" ind2="0">
    <subfield code="a">Dolce, Giacomino</subfield>
    <subfield code="3">IT\ICCU\CNCT\000742</subfield>
    <subfield code="4">650</subfield>
  </datafield>
  <datafield tag="712" ind1="0" ind2="0">
    <subfield code="a">Cravotto, Martino &amp; C.</subfield>
    <subfield code="3">IT\ICCU\CNCT\003514</subfield>
    <subfield code="4">650</subfield>
  </datafield>
  <datafield tag="790" ind1=" " ind2="0">
    <subfield code="a">Baptista</subfield>
    <subfield code="c"> : Mantuanus</subfield>
    <subfield code="3">IT\ICCU\CNCA\006718</subfield>
    <subfield code="z">Spagnoli, Giovanni Battista</subfield>
  </datafield>
  <datafield tag="790" ind1=" " ind2="1">
    <subfield code="a">Spagnuoli,</subfield>
    <subfield code="b">Baptista</subfield>
    <subfield code="3">IT\ICCU\CNCA\025966</subfield>
    <subfield code="z">Spagnoli, Giovanni Battista</subfield>
  </datafield>
  <datafield tag="790" ind1=" " ind2="1">
    <subfield code="a">Craverius,</subfield>
    <subfield code="b">Antonius</subfield>
    <subfield code="3">IT\ICCU\CNCA\028075</subfield>
    <subfield code="z">Craveri, Antonio</subfield>
  </datafield>
  <datafield tag="791" ind1="0" ind2="0">
    <subfield code="a">Dulcis, Iacobinus</subfield>
    <subfield code="3">IT\ICCU\CNCT\003775</subfield>
    <subfield code="z">Dolce, Giacomino</subfield>
  </datafield>
  <datafield tag="791" ind1="0" ind2="0">
    <subfield code="a">Dulci, Iacobino</subfield>
    <subfield code="3">IT\ICCU\CNCT\004706</subfield>
    <subfield code="z">Dolce, Giacomino</subfield>
  </datafield>
  <datafield tag="801" ind1=" " ind2="3">
    <subfield code="a">IT</subfield>
    <subfield code="b">ICCU</subfield>
    <subfield code="c">20201114</subfield>
  </datafield>
  <datafield tag="899" ind1=" " ind2=" ">
    <subfield code="a">Biblioteca civica di Mondov. Mondov</subfield>
    <subfield code="1">CN0065</subfield>
    <subfield code="2">TO0 55</subfield>
  </datafield>
  <datafield tag="899" ind1=" " ind2=" ">
    <subfield code="a">Biblioteca Reale. Torino</subfield>
    <subfield code="1">TO0263</subfield>
    <subfield code="2">TO0 07</subfield>
  </datafield>
  <datafield tag="911" ind1=" " ind2=" ">
    <subfield code="a">Sul front.</subfield>
    <subfield code="9">IT\ICCU\CNCM\001883</subfield>
  </datafield>
  <datafield tag="921" ind1=" " ind2=" ">
    <subfield code="a">IT\ICCU\CNCM\001883</subfield>
    <subfield code="b">Nativit ̉e adorazione dei Magi.</subfield>
    <subfield code="c">V249</subfield>
    <subfield code="c">Z885</subfield>
    <subfield code="f">NATIVITA&apos;</subfield>
    <subfield code="f">MAGI</subfield>
    <subfield code="g">1535</subfield>
  </datafield>
</record>
</collection>
